<record><leader>00000cas a2200000 a 4500</leader><controlfield tag="001">10143609</controlfield><controlfield tag="008">831118d197019uuilucr ne      0   a0eng c</controlfield><datafield ind1=" " ind2=" " tag="010"><subfield code="a">sn 83009948 </subfield></datafield><datafield ind1=" " ind2=" " tag="040"><subfield code="a">NSD</subfield><subfield code="b">eng</subfield><subfield code="c">NSD</subfield><subfield code="d">NVF</subfield><subfield code="d">CVF</subfield><subfield code="d">OCLCQ</subfield><subfield code="d">NVF</subfield><subfield code="d">OCLCF</subfield><subfield code="d">OCLCO</subfield></datafield><datafield ind1=" " ind2=" " tag="012"><subfield code="m">1</subfield></datafield><datafield ind1="1" ind2=" " tag="022"><subfield code="a">0746-6099</subfield><subfield code="l">0746-6099</subfield><subfield code="2">1</subfield></datafield><datafield ind1="1" ind2=" " tag="029"><subfield code="a">AU@</subfield><subfield code="b">000020293714</subfield></datafield><datafield ind1=" " ind2=" " tag="032"><subfield code="a">058660</subfield><subfield code="b">USPS</subfield></datafield><datafield ind1=" " ind2=" " tag="042"><subfield code="a">pcc</subfield></datafield><datafield ind1=" " ind2=" " tag="043"><subfield code="a">n-us-il</subfield></datafield><datafield ind1="0" ind2=" " tag="130"><subfield code="a">Blue Island sun-standard (Blue Island, Ill. : 1970)</subfield></datafield><datafield ind1=" " ind2="0" tag="222"><subfield code="a">Blue Island sun-standard</subfield></datafield><datafield ind1="1" ind2="0" tag="245"><subfield code="a">Blue Island sun-standard.</subfield></datafield><datafield ind1="1" ind2=" " tag="246"><subfield code="i">Published on Sundays as:</subfield><subfield code="a">Sun-standard</subfield><subfield code="f">Oct. 23, 1969-Aug. 23, 1970</subfield></datafield><datafield ind1="3" ind2=" " tag="246"><subfield code="a">Blue Island sun standard</subfield></datafield><datafield ind1="3" ind2=" " tag="246"><subfield code="a">Sun standard</subfield></datafield><datafield ind1=" " ind2=" " tag="260"><subfield code="a">Blue Island, Ill. :</subfield><subfield code="b">Southtown Economist, Inc.,</subfield><subfield code="c">1969-[19--?].</subfield></datafield><datafield ind1=" " ind2=" " tag="310"><subfield code="a">Semiweekly,</subfield><subfield code="b">Aug. 30, 1970-&lt;Dec. 28, 1986&gt;</subfield></datafield><datafield ind1=" " ind2=" " tag="321"><subfield code="a">Weekly,</subfield><subfield code="b">Oct. 23, 1969-Aug. 23, 1970</subfield></datafield><datafield ind1="0" ind2=" " tag="362"><subfield code="a">Vol. 92, no. 62 (May 28, 1970)-</subfield></datafield><datafield ind1=" " ind2=" " tag="515"><subfield code="a">Continues the vol. numbering of Sun-standard.</subfield></datafield><datafield ind1=" " ind2=" " tag="588"><subfield code="a">Latest issue consulted: Mar. 7, 1988.</subfield></datafield><datafield ind1=" " ind2="0" tag="651"><subfield code="a">Blue Island (Ill.)</subfield><subfield code="v">Newspapers.</subfield></datafield><datafield ind1=" " ind2="7" tag="655"><subfield code="a">Newspapers.</subfield><subfield code="2">fast</subfield><subfield code="0">(OCoLC)fst01423814</subfield></datafield><datafield ind1=" " ind2="7" tag="651"><subfield code="a">Illinois</subfield><subfield code="z">Blue Island.</subfield><subfield code="2">fast</subfield><subfield code="0">(OCoLC)fst01217880</subfield></datafield><datafield ind1=" " ind2=" " tag="752"><subfield code="a">United States</subfield><subfield code="b">Illinois</subfield><subfield code="c">Cook</subfield><subfield code="d">Blue Island.</subfield></datafield><datafield ind1="0" ind2=" " tag="775"><subfield code="t">Calumet Park sun-standard</subfield><subfield code="w">(DLC)sn 93055975</subfield><subfield code="w">(OCoLC)28641625</subfield></datafield><datafield ind1="0" ind2="1" tag="780"><subfield code="t">Sun-standard</subfield><subfield code="w">(DLC)sn 93055979</subfield><subfield code="w">(OCoLC)28637972</subfield></datafield></record>